
@ARTICLE{Birgand2016-to,
  title   = "First report of a novel multiplexer pumping system coupled to a
             water quality probe to collect high temporal frequency in situ
             water chemistry measurements at multiple sites",
  author  = "Birgand, Fran{\c c}ois and Aveni-Deforge, Kyle and Smith, Brad and
             Maxwell, Bryan and Horstman, Marc and Gerling, Alexandra B and
             Carey, Cayelan C",
  journal = "Limnol. Oceanogr. Methods",
  volume  =  14,
  number  =  12,
  pages   = "767--783",
  month   =  dec,
  year    =  2016,
  url     = "http://dx.doi.org/10.1002/lom3.10122",
  file    = "All Papers/B/Birgand et al. 2016 - Birgand_et_al_2016_LOMeView.pdf;All Papers/B/Birgand et al. 2016 - First report of a novel multiplexer pumping system ... oral frequency in situ water chemistry measurements at multiple sites.pdf",
  issn    = "1541-5856",
  doi     = "10.1002/lom3.10122"
}
